@misc{OccupancyCalc,
    author    = "NVIDIA",
    title     = "CUDA Occupancy Calculator",
    howpublished = "http://developer.download.nvidia.com/compute/cuda/CUDA\_Occupancy\_calculator.xls"
}

@misc{KernelGen,
    author    = "KernelGen",
    title     = "KernelGen",
    howpublished = "http://kernelgen.org"
}

@misc{CLC,
    author    = "Jared Hoberock",
    title     = "cuda\_launch\_config",
    howpublished = "http://github.com/jaredhoberock/cuda\_launch\_config"
}

@misc{Occupancy,
    author    = " Justin Luitjens,  Steven Rennich",
    title     = "CUDA Warps and Occupancy CUDA Warps and Occupancy",
    howpublished = "http://on-demand.gputechconf.com/gtc-express/2011/presentations/cuda\_webinars\_WarpsAndOccupancy.pdf"
}
